<?xml version="1.0" encoding="UTF-8"?>
<collection xmlns="http://www.loc.gov/MARC21/slim">
   <record>
      <leader>02892cam a2200637 | 4500</leader>
      <controlfield tag="001">188304</controlfield>
      <controlfield tag="008">071378m19759999abc               0 ukr  </controlfield>
      <datafield tag="035" ind1=" " ind2=" ">
         <subfield code="a">ocn461505001</subfield>
      </datafield>
      <datafield tag="040" ind1=" " ind2=" ">
         <subfield code="b">eng</subfield>
      </datafield>
      <datafield tag="049" ind1=" " ind2=" ">
         <subfield code="a">aeu</subfield>
         <subfield code="b">eng</subfield>
      </datafield>
      <datafield tag="050" ind1="0" ind2=" ">
         <subfield code="a">PG 3824</subfield>
         <subfield code="b">S58 1975</subfield>
      </datafield>
      <datafield tag="090" ind1=" " ind2=" ">
         <subfield code="a">PG 3824 S58 1975</subfield>
         <subfield code="b">AEE</subfield>
      </datafield>
      <datafield tag="090" ind1="1" ind2="0">
         <subfield code="a">PG 3824 S58 1975</subfield>
         <subfield code="b">CL</subfield>
      </datafield>
      <datafield tag="240" ind1="0" ind2="0">
         <subfield code="a">Serii͡a chytanok dli͡a rozvitku ukraïnsʹkoï movy /</subfield>
         <subfield code="c">Xenia C. Turko, curricular assistant ; assisted by Maria Prokopiw ... [et al.] ; H. C. J. M. Zyp, illustrations.</subfield>
      </datafield>
      <datafield tag="245" ind1="0" ind2="0">
         <subfield code="a">Serii͡a chytanok dli͡a rozvitku ukraïnsʹkoï movy /</subfield>
         <subfield code="c">Xenia C. Turko, curricular assistant ; assisted by Maria Prokopiw ... [et al.] ; H. C. J. M. Zyp, illustrations.</subfield>
      </datafield>
      <datafield tag="260" ind1=" " ind2=" ">
         <subfield code="a">Edmonton :</subfield>
         <subfield code="b">Alberta Education,</subfield>
         <subfield code="c">1975-</subfield>
      </datafield>
      <datafield tag="300" ind1=" " ind2=" ">
         <subfield code="a">v. :</subfield>
         <subfield code="b">col. ill. ;</subfield>
         <subfield code="c">21 cm.</subfield>
      </datafield>
      <datafield tag="336" ind1=" " ind2=" ">
         <subfield code="a">text</subfield>
         <subfield code="b">txt</subfield>
         <subfield code="2">rdacontent</subfield>
      </datafield>
      <datafield tag="337" ind1=" " ind2=" ">
         <subfield code="a">unmediated</subfield>
         <subfield code="b">n</subfield>
         <subfield code="2">rdamedia</subfield>
      </datafield>
      <datafield tag="338" ind1=" " ind2=" ">
         <subfield code="a">volume</subfield>
         <subfield code="b">nc</subfield>
         <subfield code="2">rdacarrier</subfield>
      </datafield>
      <datafield tag="500" ind1=" " ind2=" ">
         <subfield code="a">Accompanied by Knyz͡hka dli͡a vprav [wkbk.] ; [v.I] 5. Teacher manual [tch.man.], Reader [rdr.], Slovnyk [dict.]</subfield>
      </datafield>
      <datafield tag="500" ind1=" " ind2=" ">
         <subfield code="a">TITLE ANALYTICS</subfield>
      </datafield>
      <datafield tag="505" ind1="1" ind2=" ">
         <subfield code="a">[v.] 1. Tut i tam.--[v.] 2. Druzi.--[v.] 3. Shkola.--[v.] 4. Pryhody.--[v.] 5. Kazky.--[v.] 6. Khodit' zi mnoyu.-- [v.] 7. Nashi skarby.</subfield>
      </datafield>
      <datafield tag="596" ind1=" " ind2=" ">
         <subfield code="a">2 38</subfield>
      </datafield>
      <datafield tag="650" ind1=" " ind2="0">
         <subfield code="a">Ukrainian language</subfield>
         <subfield code="v">Readers.</subfield>
      </datafield>
      <datafield tag="650" ind1=" " ind2="0">
         <subfield code="a">Ukrainian language</subfield>
         <subfield code="x">Composition and exercises.</subfield>
      </datafield>
      <datafield tag="650" ind1=" " ind2="0">
         <subfield code="a">Ukrainian language</subfield>
         <subfield code="x">Study and teaching.</subfield>
      </datafield>
      <datafield tag="700" ind1="1" ind2=" ">
         <subfield code="a">Turko, Xenia C.</subfield>
      </datafield>
      <datafield tag="700" ind1="1" ind2=" ">
         <subfield code="a">Zyp, Hank C. J. M.</subfield>
      </datafield>
      <datafield tag="740" ind1="0" ind2=" ">
         <subfield code="a">Nashi skarby.</subfield>
      </datafield>
      <datafield tag="740" ind1="0" ind2=" ">
         <subfield code="a">Series of reading booklets for the development of Ukrainian.</subfield>
      </datafield>
      <datafield tag="740" ind1="0" ind2=" ">
         <subfield code="a">Tut i tam.</subfield>
      </datafield>
      <datafield tag="740" ind1="0" ind2=" ">
         <subfield code="a">Druzi.</subfield>
      </datafield>
      <datafield tag="740" ind1="0" ind2=" ">
         <subfield code="a">Shkola.</subfield>
      </datafield>
      <datafield tag="740" ind1="0" ind2=" ">
         <subfield code="a">Pryhody.</subfield>
      </datafield>
      <datafield tag="740" ind1="0" ind2=" ">
         <subfield code="a">Kazky.</subfield>
      </datafield>
      <datafield tag="740" ind1="0" ind2=" ">
         <subfield code="a">Khodit' zi mnoyu.</subfield>
      </datafield>
      <datafield tag="926" ind1=" " ind2=" ">
         <subfield code="a">AGL_CAP</subfield>
         <subfield code="b">SPECIALCOL</subfield>
         <subfield code="c">PG 3824 S58 1975 v.1 wkbk.</subfield>
         <subfield code="d">LOCAL_LOAN</subfield>
         <subfield code="f">1</subfield>
      </datafield>
      <datafield tag="926" ind1=" " ind2=" ">
         <subfield code="a">AGL_CAP</subfield>
         <subfield code="b">SPECIALCOL</subfield>
         <subfield code="c">PG 3824 S58 1975 v.4</subfield>
         <subfield code="d">LOCAL_LOAN</subfield>
         <subfield code="f">1</subfield>
      </datafield>
      <datafield tag="926" ind1=" " ind2=" ">
         <subfield code="a">AGL_CAP</subfield>
         <subfield code="b">SPECIALCOL</subfield>
         <subfield code="c">PG 3824 S58 1975 v.4 wkbk.</subfield>
         <subfield code="d">LOCAL_LOAN</subfield>
         <subfield code="f">1</subfield>
      </datafield>
      <datafield tag="926" ind1=" " ind2=" ">
         <subfield code="a">UABARD</subfield>
         <subfield code="b">ON_SHELF</subfield>
         <subfield code="c">PG 3824 S58 1975 v.1</subfield>
         <subfield code="d">BOOK</subfield>
         <subfield code="f">1</subfield>
      </datafield>
      <datafield tag="926" ind1=" " ind2=" ">
         <subfield code="a">UABARD</subfield>
         <subfield code="b">ON_SHELF</subfield>
         <subfield code="c">PG 3824 S58 1975 v.1 wkbk.</subfield>
         <subfield code="d">BOOK</subfield>
         <subfield code="f">1</subfield>
      </datafield>
      <datafield tag="926" ind1=" " ind2=" ">
         <subfield code="a">UABARD</subfield>
         <subfield code="b">ON_SHELF</subfield>
         <subfield code="c">PG 3824 S58 1975 v.2</subfield>
         <subfield code="d">BOOK</subfield>
         <subfield code="f">1</subfield>
      </datafield>
      <datafield tag="926" ind1=" " ind2=" ">
         <subfield code="a">UABARD</subfield>
         <subfield code="b">ON_SHELF</subfield>
         <subfield code="c">PG 3824 S58 1975 v.2 wkbk.</subfield>
         <subfield code="d">BOOK</subfield>
         <subfield code="f">1</subfield>
      </datafield>
      <datafield tag="926" ind1=" " ind2=" ">
         <subfield code="a">UABARD</subfield>
         <subfield code="b">ON_SHELF</subfield>
         <subfield code="c">PG 3824 S58 1975 v.3</subfield>
         <subfield code="d">BOOK</subfield>
         <subfield code="f">1</subfield>
      </datafield>
      <datafield tag="926" ind1=" " ind2=" ">
         <subfield code="a">UABARD</subfield>
         <subfield code="b">ON_SHELF</subfield>
         <subfield code="c">PG 3824 S58 1975 v.3 wkbk.</subfield>
         <subfield code="d">BOOK</subfield>
         <subfield code="f">1</subfield>
      </datafield>
      <datafield tag="926" ind1=" " ind2=" ">
         <subfield code="a">UABARD</subfield>
         <subfield code="b">ON_SHELF</subfield>
         <subfield code="c">PG 3824 S58 1975 v.4</subfield>
         <subfield code="d">BOOK</subfield>
         <subfield code="f">1</subfield>
      </datafield>
      <datafield tag="926" ind1=" " ind2=" ">
         <subfield code="a">UABARD</subfield>
         <subfield code="b">ON_SHELF</subfield>
         <subfield code="c">PG 3824 S58 1975 v.4 wkbk.</subfield>
         <subfield code="d">BOOK</subfield>
         <subfield code="f">1</subfield>
      </datafield>
      <datafield tag="926" ind1=" " ind2=" ">
         <subfield code="a">UABARD</subfield>
         <subfield code="b">ON_SHELF</subfield>
         <subfield code="c">PG 3824 S58 1975 v.5</subfield>
         <subfield code="d">BOOK</subfield>
         <subfield code="f">1</subfield>
      </datafield>
      <datafield tag="926" ind1=" " ind2=" ">
         <subfield code="a">UABARD</subfield>
         <subfield code="b">ON_SHELF</subfield>
         <subfield code="c">PG 3824 S58 1975 v.5 dict.</subfield>
         <subfield code="d">BOOK</subfield>
         <subfield code="f">1</subfield>
      </datafield>
      <datafield tag="926" ind1=" " ind2=" ">
         <subfield code="a">UABARD</subfield>
         <subfield code="b">ON_SHELF</subfield>
         <subfield code="c">PG 3824 S58 1975 v.5 rdr.</subfield>
         <subfield code="d">BOOK</subfield>
         <subfield code="f">1</subfield>
      </datafield>
      <datafield tag="926" ind1=" " ind2=" ">
         <subfield code="a">UABARD</subfield>
         <subfield code="b">ON_SHELF</subfield>
         <subfield code="c">PG 3824 S58 1975 v.5 tch.man.</subfield>
         <subfield code="d">BOOK</subfield>
         <subfield code="f">1</subfield>
      </datafield>
      <datafield tag="926" ind1=" " ind2=" ">
         <subfield code="a">UABARD</subfield>
         <subfield code="b">ON_SHELF</subfield>
         <subfield code="c">PG 3824 S58 1975 v.5 wkbk.</subfield>
         <subfield code="d">BOOK</subfield>
         <subfield code="f">1</subfield>
      </datafield>
      <datafield tag="926" ind1=" " ind2=" ">
         <subfield code="a">UABARD</subfield>
         <subfield code="b">ON_SHELF</subfield>
         <subfield code="c">PG 3824 S58 1975 v.6</subfield>
         <subfield code="d">BOOK</subfield>
         <subfield code="f">1</subfield>
      </datafield>
      <datafield tag="926" ind1=" " ind2=" ">
         <subfield code="a">UABARD</subfield>
         <subfield code="b">ON_SHELF</subfield>
         <subfield code="c">PG 3824 S58 1975 v.6 wkbk.</subfield>
         <subfield code="d">BOOK</subfield>
         <subfield code="f">1</subfield>
      </datafield>
      <datafield tag="926" ind1=" " ind2=" ">
         <subfield code="a">UABARD</subfield>
         <subfield code="b">ON_SHELF</subfield>
         <subfield code="c">PG 3824 S58 1975 v.7</subfield>
         <subfield code="d">BOOK</subfield>
         <subfield code="f">1</subfield>
      </datafield>
      <datafield tag="926" ind1=" " ind2=" ">
         <subfield code="a">UABARD</subfield>
         <subfield code="b">ON_SHELF</subfield>
         <subfield code="c">PG 3824 S58 1975 v.7 wkbk.</subfield>
         <subfield code="d">BOOK</subfield>
         <subfield code="f">1</subfield>
      </datafield>
   </record>
</collection>
